<record><leader>02687nam a2200349 i 4500</leader><controlfield tag="001">6749015</controlfield><controlfield tag="003">FlBoTFG</controlfield><controlfield tag="005">20141121161956.0</controlfield><controlfield tag="006">m|||||o||d||||||||</controlfield><controlfield tag="007">cr||||</controlfield><controlfield tag="008">141121t20152015fluacd  ob    001 0 eng d</controlfield><datafield ind1=" " ind2=" " tag="020"><subfield code="a">9789814463775 (e-book : PDF)</subfield></datafield><datafield ind1=" " ind2=" " tag="035"><subfield code="a">ocn896849796</subfield></datafield><datafield ind1=" " ind2=" " tag="039"><subfield code="a">exclude</subfield></datafield><datafield ind1=" " ind2=" " tag="040"><subfield code="a">FlBoTFG</subfield><subfield code="b">eng</subfield><subfield code="c">FlBoTFG</subfield><subfield code="e">rda</subfield><subfield code="d">AEU</subfield></datafield><datafield ind1=" " ind2="4" tag="050"><subfield code="a">T174.7</subfield><subfield code="b">.N36 2015</subfield></datafield><datafield ind1=" " ind2=" " tag="090"><subfield code="a">Internet Access</subfield><subfield code="b">AEU</subfield></datafield><datafield ind1="0" ind2="0" tag="245"><subfield code="a">Nanotechnology toward the sustainocene /</subfield><subfield code="c">edited by Thomas A. Faunce.</subfield></datafield><datafield ind1=" " ind2="1" tag="264"><subfield code="a">Boca Raton, FL :</subfield><subfield code="b">CRC Press :</subfield><subfield code="b">Pan Stanford Publishing,</subfield><subfield code="c">[2015]</subfield></datafield><datafield ind1=" " ind2="4" tag="264"><subfield code="c">&#169;2015</subfield></datafield><datafield ind1=" " ind2=" " tag="300"><subfield code="a">1 online resource.</subfield></datafield><datafield ind1=" " ind2=" " tag="336"><subfield code="a">text</subfield><subfield code="2">rdacontent</subfield></datafield><datafield ind1=" " ind2=" " tag="337"><subfield code="a">computer</subfield><subfield code="2">rdamedia</subfield></datafield><datafield ind1=" " ind2=" " tag="338"><subfield code="a">online resource</subfield><subfield code="2">rdacarrier</subfield></datafield><datafield ind1=" " ind2=" " tag="504"><subfield code="a">Includes bibliographical references and index.</subfield></datafield><datafield ind1="0" ind2=" " tag="505"><subfield code="a">Nanotechnology toward the sustainocene / Thomas A. Faunce -- The cosmic context of the millennium development goals : maximum entropy and sustainability / Charles H. Lineweaver and Molly Townes O'Brien -- Nanophotonics for light trapping / Studha Mokkapati [and four others] -- Growth and characterization of GaAs nanowires / Qiang Gao, Hannah J. Joyce, Hark Hoe Tan and Chennupati Jagadish -- The synthesis, structure, and properties of titania-coated silica nanowires / Avi Shalav and Robert G. Elliman -- Global health and environmental implications of mimicking biological ion channels using nanotubes / Tamsyn A. Hilder -- Nanostructured materials : implications for information technology / Dragomir N. Neshev -- Laser trapping of nanoparticle agglomerates in air / Andrei V. Rode, Vladlen G. Shvedov, Cyril Hnatovsky and Weislaw Krolikowski -- The bhopal disaster and peroxide bombs : nanoscale aspects of oscillatory thermal instability / Rowena Ball -- Fusion power and nanoscience challenges for extreme materials / Matthew J. Hole and Cormac S. Corr -- Nanotechnology, plasma, hydrogen from artificial photosynthesis, and fuel cells : powering the developing world to the sustainocene / Thomas A. Faunce and Christine Charles -- Nanotechnology-based artificial photosynthesis : food security and animal rights in the sustainocene / Alex Bruce and Thomas A. Faunce -- Toward the sustainocene with global artificial photosynthesis / Thomas A. Faunce, Alex Bruce and Angus M. Donohoo.</subfield></datafield><datafield ind1=" " ind2=" " tag="596"><subfield code="a">44</subfield></datafield><datafield ind1=" " ind2="0" tag="650"><subfield code="a">Nanotechnology.</subfield></datafield><datafield ind1="1" ind2=" " tag="700"><subfield code="a">Faunce, Thomas Alured,</subfield><subfield code="e">editor.</subfield></datafield><datafield ind1="4" ind2="0" tag="856"><subfield code="3">University of Alberta Access</subfield><subfield code="u">http://marc.crcnetbase.com/isbn/9789814463775</subfield><subfield code="z">(Unlimited Concurrent Users)</subfield></datafield><datafield ind1=" " ind2=" " tag="949"><subfield code="h">UAIN</subfield><subfield code="z">CRC</subfield></datafield><datafield ind1=" " ind2=" " tag="926"><subfield code="a">Internet Access</subfield><subfield code="w">LC</subfield><subfield code="c">1</subfield><subfield code="i">6749015-1001</subfield><subfield code="l">INTERNET</subfield><subfield code="m">UAINTERNET</subfield><subfield code="r">Y</subfield><subfield code="s">Y</subfield><subfield code="t">E-RESOURCE</subfield><subfield code="u">12/2/2014</subfield><subfield code="x">E-BOOK</subfield><subfield code="z">CRC</subfield></datafield></record>